<collection xmlns="http://www.loc.gov/MARC21/slim"><record><leader>00919nam  2200289   450</leader><controlfield tag="001">298</controlfield><controlfield tag="003">http://montalegre.opacnet.com/OPAC/default.aspx?ContentAreaControl=ShowRegHoldings.ascx&amp;RegNo=16662</controlfield><controlfield tag="005">20</controlfield><datafield tag="010" ind1=" " ind2=" "><subfield code="a">972-41-2655-2</subfield></datafield><datafield tag="021" ind1=" " ind2=" "><subfield code="a">PT</subfield><subfield code="b">173656/01</subfield></datafield><datafield tag="100" ind1=" " ind2=" "><subfield code="a">20020412d2001    me y0pory0103    ba</subfield></datafield><datafield tag="101" ind1="1" ind2=" "><subfield code="a">por</subfield><subfield code="c">spa</subfield></datafield><datafield tag="102" ind1=" " ind2=" "><subfield code="a">PT</subfield></datafield><datafield tag="105" ind1=" " ind2=" "><subfield code="a">y   z   000ay</subfield></datafield><datafield tag="106" ind1=" " ind2=" "><subfield code="a">r</subfield></datafield><datafield tag="200" ind1="1" ind2=" "><subfield code="a">Tão veloz como o desejo</subfield><subfield code="f">Laura Esquivel</subfield><subfield code="g">trad. Helena Pitta</subfield></datafield><datafield tag="205" ind1=" " ind2=" "><subfield code="a">3ª ed</subfield></datafield><datafield tag="210" ind1=" " ind2=" "><subfield code="a">Porto</subfield><subfield code="c">Asa</subfield><subfield code="d">2001</subfield></datafield><datafield tag="215" ind1=" " ind2=" "><subfield code="a">128 p.</subfield><subfield code="d">24 cm</subfield></datafield><datafield tag="225" ind1="2" ind2=" "><subfield code="a">Romance</subfield></datafield><datafield tag="304" ind1=" " ind2=" "><subfield code="a">Tít. orig.: Tan veloz como el deseo</subfield></datafield><datafield tag="675" ind1=" " ind2=" "><subfield code="a">821.134.2(72)-31"19"</subfield><subfield code="v">BN</subfield><subfield code="z">por</subfield><subfield code="v">BN</subfield><subfield code="z">por</subfield><subfield code="3">562710</subfield></datafield><datafield tag="700" ind1=" " ind2="1"><subfield code="a">Esquivel</subfield><subfield code="b">Laura</subfield><subfield code="f">1950</subfield><subfield code="3">100267</subfield></datafield><datafield tag="702" ind1=" " ind2="1"><subfield code="a">Pita</subfield><subfield code="b">Helena</subfield><subfield code="4">730</subfield><subfield code="3">159388</subfield></datafield><datafield tag="801" ind1=" " ind2="0"><subfield code="a">PT</subfield><subfield code="b">Biblioteca Municipal de Montalegre</subfield><subfield code="g">RPC</subfield></datafield><datafield tag="856" ind1=" " ind2=" "><subfield code="u">locateMedia.asp?cod=20060511121622&amp;ext=jpg</subfield><subfield code="z">CAPA</subfield></datafield><datafield tag="909" ind1="&#9;" ind2=" "><subfield code="a">2</subfield></datafield><datafield tag="966" ind1=" " ind2=" "><subfield code="a">0015575</subfield><subfield code="l">BMM</subfield><subfield code="s">SCG 821.134.2(7/8) ESQ tão</subfield></datafield><datafield tag="966" ind1=" " ind2=" "><subfield code="a">1002777</subfield><subfield code="l">BEM</subfield><subfield code="s">BEM 821.134.3 ESQ</subfield></datafield></record></collection>